@inproceedings{woodhall1997new,
	title={New edge detection algorithms based on adaptive estimation filters},
	author={Woodhall, MC and Lindquist, CS},
	booktitle={Conference Record of the Thirty-First Asilomar Conference on Signals, Systems and Computers (Cat. No. 97CB36136)},
	volume={2},
	pages={1695--1699},
	year={1997},
	organization={IEEE}
}

@phdthesis{weib1998adaptive,
  title={On adaptive filtering on oversampled subbands},
  author={Weib, S},
  year={1998},
  school={Ph. D. thesis, Signal Processing Division, University of Strathclyde, Glasgow}
}
@inproceedings{allred2003implementation,
	title={Implementation of an LMS adaptive filter on an FPGA employing multiplexed multiplier architecture},
	author={Allred, Daniel and Krishnan, Venkatesh and Huang, Walter and Anderson, David},
	booktitle={The Thrity-Seventh Asilomar Conference on Signals, Systems \& Computers, 2003},
	volume={1},
	pages={918--921},
	year={2003},
	organization={IEEE}
}

@article{bitmead1980performance,
	title={Performance of adaptive estimation algorithms in dependent random environments},
	author={Bitmead, R and Anderson, Brian},
	journal={IEEE Transactions on Automatic Control},
	volume={25},
	number={4},
	pages={788--794},
	year={1980},
	publisher={IEEE}
}

@article{chen2006new,
	title={New insights into the noise reduction Wiener filter},
	author={Chen, Jingdong and Benesty, Jacob and Huang, Yiteng and Doclo, Simon},
	journal={IEEE Transactions on audio, speech, and language processing},
	volume={14},
	number={4},
	pages={1218--1234},
	year={2006},
	publisher={IEEE}
}